@inproceedings{gergatsouli2022online,
  title={Online learning for min sum set cover and pandora’s box},
  author={Gergatsouli, Evangelia and Tzamos, Christos},
  booktitle={International Conference on Machine Learning},
  pages={7382--7403},
  year={2022},
  organization={PMLR}
}
@article{feige2004approximating,
  title={Approximating min sum set cover},
  author={Feige, Uriel and Lov{\'a}sz, L{\'a}szl{\'o} and Tetali, Prasad},
  journal={Algorithmica},
  volume={40},
  pages={219--234},
  year={2004},
  publisher={Springer}
}
@article{shalev2012online,
  title={Online learning and online convex optimization},
  author={Shalev-Shwartz, Shai and others},
  journal={Foundations and Trends{\textregistered} in Machine Learning},
  volume={4},
  number={2},
  pages={107--194},
  year={2012},
  publisher={Now Publishers, Inc.}
}
@inproceedings{chawla2020pandora,
  title={Pandora's box with correlations: Learning and approximation},
  author={Chawla, Shuchi and Gergatsouli, Evangelia and Teng, Yifeng and Tzamos, Christos and Zhang, Ruimin},
  booktitle={2020 IEEE 61st Annual Symposium on Foundations of Computer Science (FOCS)},
  pages={1214--1225},
  year={2020},
  organization={IEEE}
}
@inproceedings{esfandiari2019online,
  title={Online pandora’s boxes and bandits},
  author={Esfandiari, Hossein and HajiAghayi, MohammadTaghi and Lucier, Brendan and Mitzenmacher, Michael},
  booktitle={Proceedings of the AAAI Conference on Artificial Intelligence},
  volume={33},
  number={01},
  pages={1885--1892},
  year={2019}
}
@article{shalev2007primal,
  title={A primal-dual perspective of online learning algorithms},
  author={Shalev-Shwartz, Shai and Singer, Yoram},
  journal={Machine Learning},
  volume={69},
  pages={115--142},
  year={2007},
  publisher={Springer}
}
@article{flaxman2004online,
  title={Online convex optimization in the bandit setting: gradient descent without a gradient},
  author={Flaxman, Abraham D and Kalai, Adam Tauman and McMahan, H Brendan},
  journal={arXiv preprint cs/0408007},
  year={2004}
}
@inproceedings{bansal2010constant,
  title={A constant factor approximation algorithm for generalized min-sum set cover},
  author={Bansal, Nikhil and Gupta, Anupam and Krishnaswamy, Ravishankar},
  booktitle={Proceedings of the twenty-first annual ACM-SIAM symposium on Discrete Algorithms},
  pages={1539--1545},
  year={2010},
  organization={SIAM}
}
@article{karlin1994competitive,
  title={Competitive randomized algorithms for nonuniform problems},
  author={Karlin, Anna R and Manasse, Mark S and McGeoch, Lyle A and Owicki, Susan},
  journal={Algorithmica},
  volume={11},
  number={6},
  pages={542--571},
  year={1994},
  publisher={Springer}
}